@ARTICLE{BowJS83,
   author = {{Bowers}, P.~F. and {Johnston}, K.~J. and {Spencer}, J.~H.},
   title = "{Circumstellar envelope structure of late-type stars}",
   journal = apj,
   year = 1983,
   month = nov,
   volume = 274,
   pages = {733-754},
adsurl =
{http://adsabs.harvard.edu/cgi-bin/nph-bib_query?bibcode=1983ApJ...274..733B&amp;db_key=AST},
  adsnote = {Provided by the NASA Astrophysics Data System}
}

@ARTICLE{ComWestGay94,
    author = {{Combrinck}, W.~L. and {West}, M.~E. and {Gaylard}, M.~J.},
    title = "{Coexisting with GLONASS: Observing the 1612 MHz hydroxyl
    line}",
    journal = pasp,
    year = 1994,
    month = jul,
    volume = 106,
    pages = {807-812},
adsurl = 
{http://adsabs.harvard.edu/cgi-bin/nph-bib_query?bibcode=1994PASP..106..807C&amp;db_key=AST},
adsnote = {Provided by the NASA Astrophysics Data System}
}

@ARTICLE{DavEtoLS96,
   author = {{David}, P. and {Etoka}, S. and {Le Squeren}, A.~M.},
   title = "{A new expectation function for fitting the OH curves of
circumstellar maser lines.}",
   journal = aas,
   year = 1996,
   month = feb,
   volume = 115,
   pages = {387-+},
adsurl =
{http://adsabs.harvard.edu/cgi-bin/nph-bib_query?bibcode=1996A%26AS..115..387D&amp;db_key=AST},
adsnote = {Provided by the NASA Astrophysics Data System}
}
  
@ARTICLE{EK88,
    author = {{Edelson}, R.~A. and {Krolik}, J.~H.},
    title = "{The discrete correlation function - A new method for analyzing
    unevenly sampled variability data}",
    journal = apj,
    year = 1988,
    month = oct,
    volume = 333,
    pages = {646-659},
adsurl = {http://adsabs.harvard.edu/cgi-bin/nph-bib_query?bibcode=1988ApJ...333..646E&amp;db_key=AST},
adsnote = {Provided by the NASA Astrophysics Data System}
}

@PHDTHESIS{Herman83,
    author = {{Herman}, J.},
    title = "{The nature of OH/IR stars - Properties and characteristics of
    an evolved stellar population}",
    year = {1983},
    school = {Sterrewacht Leiden, University of Leiden, The Netherlands}
}

@ARTICLE{HerHab85,
    author = {{Herman}, J. and {Habing}, H.~J.},
    title = "{Time variations and shell sizes of OH masers in late-type
    stars}",
    journal = aas,
    year = 1985,
    month = mar,
    volume = 59,
    pages = {523-555},
adsurl = {http://adsabs.harvard.edu/cgi-bin/nph-bib_query?bibcode=1985A%26AS...59..523H&amp;db_key=AST},
adsnote = {Provided by the NASA Astrophysics Data System}
}

@ARTICLE{IbenRen83,
   author = {{Iben}, I. and {Renzini}, A.},
   title = "{Asymptotic giant branch evolution and beyond}",
   journal = araa,
   year = 1983,
   volume = 21,
   pages = {271-342},
adsurl = {http://adsabs.harvard.edu/cgi-bin/nph-bib_query?bibcode=1983ARA%26A..21..271I&amp;db_key=AST},
adsnote = {Provided by the NASA Astrophysics Data System}
}

@ARTICLE{Jewell79,
    author = {{Jewell}, P.~R. and {Elitzur}, M. and {Webber}, J.~C. and
    {Snyder}, L.~E.},
    title = "{Monitoring of OH maser emission from late-type stars}",
    journal = apjss,
    year = 1979,
    month = oct,
    volume = 41,
    pages = {191-207},
adsurl = {http://adsabs.harvard.edu/cgi-bin/nph-bib_query?bibcode=1979ApJS...41..191J&amp;db_key=AST},
adsnote = {Provided by the NASA Astrophysics Data System}
}

@ARTICLE{JewWebSny80,
    author = {{Jewell}, P.~R. and {Webber}, J.~C. and {Snyder}, L.~E.},
    title = "{The Linear Shell Diameter of IRC+10011}",
    journal = apjl,
    year = 1980,
    month = nov,
    volume = 242,
    pages = {L29+},
adsurl = {http://adsabs.harvard.edu/cgi-bin/nph-bib_query?bibcode=1980ApJ...242L..29J&amp;db_key=AST},
adsnote = {Provided by the NASA Astrophysics Data System}
}

@ARTICLE{Lehar92,
    author = {{Lehar}, J. and {Hewitt}, J.~N. and {Burke}, B.~F. and
    {Roberts}, D.~H.},
    title = "{The radio time delay in the double quasar 0957 + 561}",
    journal = apj,
    year = 1992,
    month = jan,
    volume = 384,
    pages = {453-466},
adsurl = {http://adsabs.harvard.edu/cgi-bin/nph-bib_query?bibcode=1992ApJ...384..453L&amp;db_key=AST},
adsnote = {Provided by the NASA Astrophysics Data System}
}

@ARTICLE{OliWhtlkMar01,
   author = {{Olivier}, E.~A. and {Whitelock}, P. and {Marang}, F.},
   title = "{Dust-enshrouded asymptotic giant branch stars in the solar
   neighbourhood}",
   journal = mn,
   year = 2001,
   month = sep,
   volume = 326,
   pages = {490-514},
adsurl = {http://adsabs.harvard.edu/cgi-bin/nph-bib_query?bibcode=2001MNRAS.326..490O&amp;db_key=AST},
adsnote = {Provided by the NASA Astrophysics Data System}
}

@ARTICLE{Ott94,
    author = {{Ott}, M. and {Witzel}, A. and {Quirrenbach}, A. and
    {Krichbaum}, T.~P. and {Standke}, K.~J. and {Schalinski}, C.~J. and
    {Hummel}, C.~A.},
    title = "{An updated list of radio flux density calibrators}",
    journal = aa,
    year = 1994,
    month = apr,
    volume = 284,
    pages = {331-339},
adsurl = {http://adsabs.harvard.edu/cgi-bin/nph-bib_query?bibcode=1994A%26A...284..331O&amp;db_key=AST},
adsnote = {Provided by the NASA Astrophysics Data System}
}

@ARTICLE{PhLGil-M02,
    author = {{Gil-Merino}, R. and {Wisotzki}, L. and {Wambsganss}, J.},
    title = "{The Double Quasar HE 1104-1805: A case study for time delay
    determination with poorly sampled lightcurves}",
    journal = aa,
    year = 2002,
    month = jan,
    volume = 381,
    pages = {428-439},
adsurl = {http://adsabs.harvard.edu/cgi-bin/nph-bib_query?bibcode=2002A%26A...381..428G&amp;db_key=AST},
adsnote = {Provided by the NASA Astrophysics Data System}
}

@ARTICLE{PhLOscoz01,
    author = {{Oscoz}, A. and {Alcalde}, D. and {Serra-Ricart}, M. and
    {Mediavilla}, E. and {Abajas}, C. and {Barrena}, R. and {Licandro}, J. and {Motta}, V.
    and	{Mu{\~ n}oz}, J.~A.},
    title = "{Time Delay in QSO 0957+561 From 1984-1999 Optical Data}",
    journal = apj,
    year = 2001,
    month = may,
    volume = 552,
    pages = {81-90},
adsurl = {http://adsabs.harvard.edu/cgi-bin/nph-bib_query?bibcode=2001ApJ...552...81O&amp;db_key=AST},
adsnote = {Provided by the NASA Astrophysics Data System}
}

@ARTICLE{PhLPelt96,
    author = {{Pelt}, J. and {Kayser}, R. and {Refsdal}, S. and {Schramm},
    T.},
    title = "{The light curve and the time delay of QSO 0957+561.}",
    journal = aa,
    year = 1996,
    month = jan,
    volume = 305,
    pages = {97-+},
adsurl = {http://adsabs.harvard.edu/cgi-bin/nph-bib_query?bibcode=1996A%26A...305...97P&amp;db_key=AST},
adsnote = {Provided by the NASA Astrophysics Data System}
}

@ARTICLE{PhLPress92,
    author = {{Press}, W.~H. and {Rybicki}, G.~B. and {Hewitt}, J.~N.},
    title = "{The time delay of gravitational lens 0957 + 561. I -
    Methodology and analysis of optical photometric data. II - Analysis of
    radio data and combined optical-radio analysis}",
    journal = apj,
    year = 1992,
    month = feb,
    volume = 385,
    pages = {404-420},
adsurl = {http://adsabs.harvard.edu/cgi-bin/nph-bib_query?bibcode=1992ApJ...385..404P&amp;db_key=AST},
adsnote = {Provided by the NASA Astrophysics Data System}
}

@ARTICLE{RJC89,
    author = {{Cohen}, R.~J.},
    title = "{Compact maser sources.}",
    journal = rpp,
    year = 1989,
    volume = 52,
    pages = {881-943},
adsurl = {http://adsabs.harvard.edu/cgi-bin/nph-bib_query?bibcode=1989RPPh...52..881C&amp;db_key=AST},
adsnote = {Provided by the NASA Astrophysics Data System}
}

@ARTICLE{ReidMMJS77,
   author = {{Reid}, M.~J. and {Muhleman}, D.~O. and {Moran}, J.~M. and
   {Johnston}, K.~J. and {Schwartz}, P.~R.},
   title = "{The structure of stellar hydroxyl masers}",
   journal = apj,
   year = 1977,
   month = may,
   volume = 214,
   pages = {60-77},
adsurl =
{http://adsabs.harvard.edu/cgi-bin/nph-bib_query?bibcode=1977ApJ...214...60R&amp;db_key=AST},
adsnote = {Provided by the NASA Astrophysics Data System}
}

@ARTICLE{SchSherWin78,
    author = {{Schultz}, G.~V. and {Sherwood}, W.~A. and {Winnberg}, A.},
    title = "{Radial diameters of Type II OH/IR sources}",
    journal = aa,
    year = 1978,
    month = feb,
    volume = 63,
    pages = {L5-L7},
adsurl = {http://adsabs.harvard.edu/cgi-bin/nph-bib_query?bibcode=1978A%26A....63L...5S&amp;db_key=AST},
adsnote = {Provided by the NASA Astrophysics Data System}
}

@PHDTHESIS{Shepherd91,
    author = {{Shepherd}, M.~C.},
    title = "{The nature of OH/IR stars and their use as distance
    indicators}",
    year = {1991},
    school = {Nuffield Radio Astronomy Laboratories, University of
    Manchester, United Kingdom}
}

@ARTICLE{Shepherd93,
   author = {{Shepherd}, M.~C. and {West}, M.~E. and {Cohen}, R.~J. and
   {Gaylard}, M.~J.},
   title = "{Distance measurements of OH-IR sources}",
   journal = {Lecture Notes in Physics, Berlin Springer Verlag},
   year = 1993,
   volume = 412,
   pages = {380-383},
adsurl =
{http://adsabs.harvard.edu/cgi-bin/nph-bib_query?bibcode=1993LNP...412..380S&amp;db_key=AST},
adsnote = {Provided by the NASA Astrophysics Data System}
}
  
  

@ARTICLE{vLvdHvS90,
    author = {{van Langevelde}, H.~J. and {van der Heiden}, R. and {van
    Schooneveld}, C.},
    title = "{Phase lags from multiple flux curves of OH/IR stars}",
    journal = aa,
    year = 1990,
    month = nov,
    volume = 239,
    pages = {193-204},
adsurl = {http://adsabs.harvard.edu/cgi-bin/nph-bib_query?bibcode=1990A%26A...239..193V&amp;db_key=AST},
adsnote = {Provided by the NASA Astrophysics Data System}
}

@PHDTHESIS{vanLangevelde92,
    author = {{van Langevelde}, H.~J.},
    title = "{Radio astronomy studies of OH/IR stars in the inner Galaxy}",
    year = {1992},
    school = {Sterrewacht Leiden, University of Leiden, The Netherlands}
}

@ARTICLE{Vio01,
    author = {{Vio}, R. and {Wamsteker}, W.},
    title = "{Limits of the Cross-Correlation Function in the Analysis of
    Short Time Series}",
    journal = pasp,
    year = 2001,
    month = jan,
    volume = 113,
    pages = {86-97},
adsurl = {http://adsabs.harvard.edu/cgi-bin/nph-bib_query?bibcode=2001PASP..113...86V&amp;db_key=AST},
adsnote = {Provided by the NASA Astrophysics Data System}
}

@ARTICLE{VolkCohen89,
   author = {{Volk}, K. and {Cohen}, M.},
   title = "{New LRS spectra for 356 bright IRAS sources}",
   journal = aj,
   year = 1989,
   month = sep,
   volume = 98,
   pages = {931-975},
adsurl = {http://adsabs.harvard.edu/cgi-bin/nph-bib_query?bibcode=1989AJ.....98..931V&amp;db_key=AST},
adsnote = {Provided by the NASA Astrophysics Data System}
}

@ARTICLE{Welsh99,
    author = {{Welsh}, W.~F.},
    title = "{On the Reliability of Cross-Correlation Function Lag
    Determinations in Active Galactic Nuclei}",
    journal = pasp,
    year = 1999,
    month = nov,
    volume = 111,
    pages = {1347-1366},
adsurl = {http://adsabs.harvard.edu/cgi-bin/nph-bib_query?bibcode=1999PASP..111.1347W&amp;db_key=AST},
adsnote = {Provided by the NASA Astrophysics Data System}
}

@INPROCEEDINGS{West92,
    author = {{West}, M.~E. and {Gaylard}, M.~J. and {Combrinck}, W.~L. and
    {Cohen}, R.~J. and {Shepherd}, M.~C.},
    title = "{Mira and OH/IR Maser Characteristics and Distance
    Determination}",
    booktitle = {ASP Conf. Ser.  30: Variable Stars and Galaxies, in honor of M.
    W. Feast on his retirement},
    year = 1992,
    pages = {277-+},
adsurl = {http://adsabs.harvard.edu/cgi-bin/nph-bib_query?bibcode=1992vsg..conf..277W&amp;db_key=AST},
adsnote = {Provided by the NASA Astrophysics Data System}
}

@BOOK{West98,
    author = {{West}, M.~E.},
    title = "{Characteristics of the variability of OH/IR stars and
    estimation of their distances}",
    publisher = {M.Sc. Thesis, University of Potchefstroom, South Africa},
    year = {1998},
}

@ARTICLE{WilBar68,
   author = {{Wilson}, W.~J. and {Barrett}, A.~H.},
   title = "{Discovery of Hydroxyl Radio Emission from Infrared Stars}",
   journal = sc,
   year = 1968,
   month = aug,
   volume = 161,
   pages = {778-779},
adsurl =
{http://adsabs.harvard.edu/cgi-bin/nph-bib_query?bibcode=1968Sci...161..778W&amp;db_key=AST},
adsnote = {Provided by the NASA Astrophysics Data System}
}

@ARTICLE{WilBar72,
   author = {{Wilson}, W.~J. and {Barrett}, A.~H.},
   title = "{Characteristics of OH emission from infrared stars.}",
   journal = aa,
   year = 1972,
   month = mar,
   volume = 17,
   pages = {385-+},
adsurl =
{http://adsabs.harvard.edu/cgi-bin/nph-bib_query?bibcode=1972A%26A....17..385W&amp;db_key=AST},
  adsnote = {Provided by the NASA Astrophysics Data System}
}


ADS-ABS for Herman's Thesis:
===========================
@BOOK{1983nois.book.....H,
    author = {{Herman}, J.},
    title = "{The nature of OH/IR stars. Properties and characteristics of
    an evolved stellar population}",
    publisher = {Leiden: Rijksuniversitet, 1983},
    year = 1983,
adsurl = {http://adsabs.harvard.edu/cgi-bin/nph-bib_query?bibcode=1983nois.book.
....H&amp;db_key=AST},
adsnote = {Provided by the NASA Astrophysics Data System}
}